@article{lecun2015deep,
  title={Deep learning},
  author={LeCun, Yann and Bengio, Yoshua and Hinton, Geoffrey},
  journal={nature},
  volume={521},
  number={7553},
  pages={436--444},
  year={2015},
  publisher={Nature Publishing Group UK London}
}

@misc{tensorflow2015,
  author = {TensorFlow},
  title = {TensorFlow: Large-Scale Machine Learning on Heterogeneous Systems},
  year = {2015},
  url = {https://www.tensorflow.org/},
  note = {Accessed: 2024-11-24}
}

@misc{keras2015,
  author = {François Chollet},
  title = {Keras: The Python Deep Learning Library},
  year = {2015},
  url = {https://keras.io/},
  note = {Accessed: 2024-11-24}
}

@misc{sklearn2011,
  author = {Pedregosa, F. and Varoquaux, G. and Gramfort, A. and Michel, V. and Thirion, B. and Grisel, O. and Blondel, M. and Prettenhofer, P. and Weiss, R. and Dubourg, V. and Vanderplas, J. and Passos, A. and Cournapeau, D. and Brucher, M. and Perrot, M. and Duchesnay, É.},
  title = {Scikit-learn: Machine Learning in Python},
  journal = {Journal of Machine Learning Research},
  volume = {12},
  pages = {2825--2830},
  year = {2011},
  url = {https://scikit-learn.org/},
  note = {Accessed: 2024-11-24}
}

@misc{kaggle2024,
  author = {Kaggle Inc.},
  title = {Kaggle: Your Home for Data Science},
  year = {2024},
  url = {https://www.kaggle.com/},
  note = {Accessed: 2024-11-24}
}

@misc{colab2024,
  author = {Google Inc.},
  title = {Google Colaboratory},
  year = {2024},
  url = {https://colab.research.google.com/},
  note = {Accessed: 2024-11-24}
}

@misc{ann2024,
  author = {Polimi},
  title = {Artificial Neural Networks and Deep Learning (AY 2024/2025): Course Slides},
  year = {2024},
  note = {Accessed: 2024-11-24}
}

@misc{stackOverflowGradualUnfreezing2020,
  author = {Stack Overflow},
  title = {What is the right way to gradually unfreeze layers in neural network while learning?},
  year = {2020},
  url = {https://stackoverflow.com/questions/64227483/what-is-the-right-way-to-gradually-unfreeze-layers-in-neural-network-while-learn},
  note = {Accessed: 2024-11-24}
}

@article{hendrycks2019augmix,
  title={AugMix: A Simple Data Processing Method to Improve Robustness and Uncertainty},
  author={Hendrycks, Dan and Zhao, Steven and Basart, Albert and Song, Dawn and Steinhardt, Jacob},
  journal={arXiv preprint arXiv:1912.02781},
  year={2019},
  url={https://arxiv.org/pdf/1912.02781}
}

@article{cubuk2019randaugment,
  title={RandAugment: Practical automated data augmentation with a reduced search space},
  author={Cubuk, Ekin D. and Zoph, Barret and Shlens, Jonathon and Le, Quoc V.},
  journal={arXiv preprint arXiv:1909.13719},
  year={2019},
  url={https://arxiv.org/abs/1909.13719}
}

@misc{polimi_2024_2025,
  author = {Politecnico di Milano},
  title = {Artificial Neural Networks and Deep Learning (Polimi, AY 2024/2025): course slides},
  year = {2024},
  note = {Available from the course platform or upon request},
  url = {URL_if_available}
}

@misc{pytorch2019,
  author = {A. Paszke and S. Gross and F. Massa and A. Lerer and J. Bradbury and G. Chanan and T. Killeen and Z. Lin and N. Gimelshein and L. Antiga and A. Desmaison and A. Kopf and E. Yang and Z. DeVito and M. Raison and A. Tejani and S. Chilamkurthy and B. Steiner and L. Fang and J. Bai and S. Chintala},
  title = {PyTorch: An Imperative Style, High-Performance Deep Learning Library},
  year = {2019},
  note = {Advances in Neural Information Processing Systems (NeurIPS)},
  url = {https://pytorch.org/}
}

